<?xml version="1.0"?>
<collection xmlns="http://www.loc.gov/MARC21/slim">
<record xmlns="http://www.loc.gov/MARC21/slim" xmlns:xsi="http://www.w3.org/2001/XMLSchema-instance" xsi:schemaLocation="http://www.loc.gov/MARC21/slim http://www.loc.gov/standards/marcxml/schema/MARC21slim.xsd">
<leader>04152cam a2200577 i 4500</leader>
<controlfield tag="005">20240726075407.0</controlfield>
<controlfield tag="008">190430t20202020njua b 001 0 eng</controlfield>
<controlfield tag="001">990097951740108501</controlfield>
<datafield tag="010" ind1=" " ind2=" ">
<subfield code="a">2019021236</subfield>
</datafield>
<datafield tag="015" ind1=" " ind2=" ">
<subfield code="a">GBC006078</subfield>
<subfield code="2">bnb</subfield>
</datafield>
<datafield tag="016" ind1="7" ind2=" ">
<subfield code="a">019673903</subfield>
<subfield code="2">Uk</subfield>
</datafield>
<datafield tag="020" ind1=" " ind2=" ">
<subfield code="a">9781978808829</subfield>
<subfield code="q">(cloth : alkaline paper)</subfield>
</datafield>
<datafield tag="020" ind1=" " ind2=" ">
<subfield code="a">1978808828</subfield>
<subfield code="q">(cloth : alkaline paper)</subfield>
</datafield>
<datafield tag="020" ind1=" " ind2=" ">
<subfield code="z">9781978808850</subfield>
<subfield code="q">(web PDF)</subfield>
</datafield>
<datafield tag="020" ind1=" " ind2=" ">
<subfield code="z">1978808852</subfield>
<subfield code="q">(web PDF)</subfield>
</datafield>
<datafield tag="020" ind1=" " ind2=" ">
<subfield code="z">9781978808836</subfield>
<subfield code="q">(electronic book)</subfield>
</datafield>
<datafield tag="035" ind1=" " ind2=" ">
<subfield code="a">(NcD)009795174DUK01</subfield>
</datafield>
<datafield tag="035" ind1=" " ind2=" ">
<subfield code="a">(OCoLC)1100446683</subfield>
</datafield>
<datafield tag="040" ind1=" " ind2=" ">
<subfield code="a">DLC</subfield>
<subfield code="b">eng</subfield>
<subfield code="e">rda</subfield>
<subfield code="c">DLC</subfield>
<subfield code="d">OCLCO</subfield>
<subfield code="d">OCLCF</subfield>
<subfield code="d">BDX</subfield>
<subfield code="d">YDX</subfield>
<subfield code="d">UKMGB</subfield>
<subfield code="d">NYP</subfield>
<subfield code="d">INR</subfield>
<subfield code="d">PSC</subfield>
<subfield code="d">GUA</subfield>
<subfield code="d">CHVBK</subfield>
<subfield code="d">OCLCO</subfield>
</datafield>
<datafield tag="042" ind1=" " ind2=" ">
<subfield code="a">pcc</subfield>
</datafield>
<datafield tag="043" ind1=" " ind2=" ">
<subfield code="a">n-us---</subfield>
</datafield>
<datafield tag="050" ind1="0" ind2="0">
<subfield code="a">PN1993.5.U6</subfield>
<subfield code="b">F347 2020</subfield>
</datafield>
<datafield tag="082" ind1="0" ind2="0">
<subfield code="a">791.430973</subfield>
<subfield code="2">23</subfield>
</datafield>
<datafield tag="100" ind1="1" ind2=" ">
<subfield code="a">Farber, Stephen,</subfield>
<subfield code="0">https://id.loc.gov/authorities/names/n84228499</subfield>
<subfield code="e">author.</subfield>
</datafield>
<datafield tag="245" ind1="1" ind2="0">
<subfield code="a">Cinema '62 :</subfield>
<subfield code="b">the greatest year at the movies /</subfield>
<subfield code="c">
Stephen Farber and Michael McClellan ; foreword by Bill Condon.
</subfield>
</datafield>
<datafield tag="246" ind1="3" ind2=" ">
<subfield code="a">Cinema sixty-two</subfield>
</datafield>
<datafield tag="246" ind1="3" ind2=" ">
<subfield code="a">Cinema nineteen sixty-two</subfield>
</datafield>
<datafield tag="264" ind1=" " ind2="1">
<subfield code="a">New Brunswick :</subfield>
<subfield code="b">Rutgers University Press,</subfield>
<subfield code="c">[2020]</subfield>
</datafield>
<datafield tag="264" ind1=" " ind2="4">
<subfield code="c">©2020</subfield>
</datafield>
<datafield tag="300" ind1=" " ind2=" ">
<subfield code="a">xiii, 252 pages :</subfield>
<subfield code="b">illustrations ;</subfield>
<subfield code="c">24 cm</subfield>
</datafield>
<datafield tag="336" ind1=" " ind2=" ">
<subfield code="a">text</subfield>
<subfield code="b">txt</subfield>
<subfield code="2">rdacontent</subfield>
</datafield>
<datafield tag="337" ind1=" " ind2=" ">
<subfield code="a">unmediated</subfield>
<subfield code="b">n</subfield>
<subfield code="2">rdamedia</subfield>
</datafield>
<datafield tag="338" ind1=" " ind2=" ">
<subfield code="a">volume</subfield>
<subfield code="b">nc</subfield>
<subfield code="2">rdacarrier</subfield>
</datafield>
<datafield tag="520" ind1=" " ind2=" ">
<subfield code="a">
"Most conventional film histories dismiss the early 1960s as a pallid era, a downtime between the heights of the classic studio system and the rise of New Hollywood directors like Scorsese and Altman in the 1970s. It seemed to be a moment when the movie industry was floundering as the popularity of television caused a downturn in cinema attendance. Cinema '62 challenges these assumptions by making the bold claim that 1962 was a peak year for film, with a high standard of quality that has not been equaled since. Stephen Farber and Michael McClellan show how 1962 saw great late-period work by classic Hollywood directors like John Ford, Howard Hawks, and John Huston, as well as stars like Bette Davis, James Stewart, Katharine Hepburn, and Barbara Stanwyck. Yet it was also a seminal year for talented young directors like Sidney Lumet, Sam Peckinpah, and Stanley Kubrick, not to mention rising stars like Warren Beatty, Jane Fonda, Robert Redford, Peter O'Toole, and Omar Sharif. Above all, 1962--the year of To Kill a Mockingbird and The Manchurian Candidate--gave cinema attendees the kinds of adult, artistic, and uncompromising visions they would never see on television, including classics from Fellini, Bergman, and Kurosawa. Culminating in an analysis of the year's Best Picture winner and top-grossing film, Lawrence of Arabia, and the factors that made that magnificent epic possible, Cinema '62 makes a strong case that the movies peaked in the Kennedy era."--
</subfield>
<subfield code="c">Provided by publisher.</subfield>
</datafield>
<datafield tag="504" ind1=" " ind2=" ">
<subfield code="a">
Includes bibliographical references (pages 241-244) and index.
</subfield>
</datafield>
<datafield tag="505" ind1="0" ind2=" ">
<subfield code="a">
Overseas explosion -- New American auteurs -- Survivors: con men and Hollywood honchos -- Grande dames and a box-office queen -- Calling Dr. Freud -- Adapted for the screen: prestige and provocation -- Black and white to technicolor -- The new frontier -- Sexual and social outlaws -- Crowning achievement -- Epilogue -- Appendix A: other films of 1962 -- Appendix B: accolades and box office for 1962.
</subfield>
</datafield>
<datafield tag="650" ind1=" " ind2="0">
<subfield code="a">Motion pictures</subfield>
<subfield code="z">United States</subfield>
<subfield code="x">History</subfield>
<subfield code="y">20th century.</subfield>
<subfield code="0">
https://id.loc.gov/authorities/subjects/sh2010102474
</subfield>
</datafield>
<datafield tag="650" ind1=" " ind2="7">
<subfield code="a">Motion pictures.</subfield>
<subfield code="2">fast</subfield>
<subfield code="0">https://id.worldcat.org/fast/1027285</subfield>
</datafield>
<datafield tag="651" ind1=" " ind2="7">
<subfield code="a">United States.</subfield>
<subfield code="2">fast</subfield>
<subfield code="0">https://id.worldcat.org/fast/1204155</subfield>
</datafield>
<datafield tag="650" ind1=" " ind2="7">
<subfield code="a">Film.</subfield>
<subfield code="2">gnd</subfield>
</datafield>
<datafield tag="651" ind1=" " ind2="7">
<subfield code="a">USA.</subfield>
<subfield code="2">gnd</subfield>
</datafield>
<datafield tag="648" ind1=" " ind2="7">
<subfield code="a">1900-1999</subfield>
<subfield code="2">fast</subfield>
</datafield>
<datafield tag="655" ind1=" " ind2="7">
<subfield code="a">History.</subfield>
<subfield code="2">fast</subfield>
<subfield code="0">https://id.worldcat.org/fast/1411628</subfield>
</datafield>
<datafield tag="700" ind1="1" ind2=" ">
<subfield code="a">McClellan, Michael,</subfield>
<subfield code="0">https://id.loc.gov/authorities/names/n2019024915</subfield>
<subfield code="e">author.</subfield>
</datafield>
<datafield tag="700" ind1="1" ind2=" ">
<subfield code="a">Condon, Bill,</subfield>
<subfield code="d">1955-</subfield>
<subfield code="0">https://id.loc.gov/authorities/names/no99032837</subfield>
<subfield code="e">writer of foreword.</subfield>
</datafield>
<datafield tag="914" ind1=" " ind2=" ">
<subfield code="a">YBP</subfield>
<subfield code="b">PERKN</subfield>
<subfield code="d">20210224</subfield>
<subfield code="e">LOAD</subfield>
<subfield code="p">NONE</subfield>
</datafield>
<datafield tag="946" ind1="1" ind2=" ">
<subfield code="b">20210329</subfield>
</datafield>
<datafield tag="946" ind1="2" ind2=" ">
<subfield code="a">PS</subfield>
<subfield code="b">20210329</subfield>
</datafield>
<datafield tag="946" ind1="3" ind2=" ">
<subfield code="a">LILLY</subfield>
<subfield code="b">20210329</subfield>
</datafield>
<datafield tag="946" ind1="3" ind2=" ">
<subfield code="a">DKU</subfield>
<subfield code="b">00000000</subfield>
</datafield>
<datafield tag="951" ind1=" " ind2=" ">
<subfield code="a">NDD</subfield>
<subfield code="b">20210404</subfield>
</datafield>
<datafield tag="942" ind1=" " ind2=" ">
<subfield code="d">2024-06-23 19:27:48 US/Eastern</subfield>
</datafield>
<datafield tag="852" ind1="0" ind2=" ">
<subfield code="h">PN1993.5.U6</subfield>
<subfield code="i">F347 2020</subfield>
<subfield code="b">LILLY</subfield>
<subfield code="c">PLI</subfield>
<subfield code="8">22736452210008501</subfield>
</datafield>
<datafield tag="940" ind1=" " ind2=" ">
<subfield code="e">22736452210008501</subfield>
<subfield code="i">0</subfield>
<subfield code="j">WORK_ORDER_DEPARTMENT</subfield>
<subfield code="d">0</subfield>
<subfield code="c">PLI</subfield>
<subfield code="r">BOOK</subfield>
<subfield code="p">D05400306I</subfield>
<subfield code="w">PLI</subfield>
<subfield code="a">1</subfield>
<subfield code="k">23736452200008501</subfield>
<subfield code="o">01</subfield>
<subfield code="s">2020-12-21 19:00:00 US/Eastern</subfield>
<subfield code="f">2020-12-22 05:59:00 US/Eastern</subfield>
<subfield code="h">PN1993.5.U6 F347 2020</subfield>
<subfield code="v">LILLY</subfield>
<subfield code="u">2024-08-07 11:11:57 US/Eastern</subfield>
<subfield code="b">LILLY</subfield>
</datafield>
</record>
</collection>
